@article{article,
author = {Nowozin, Sebastian and Cseke, Botond and Tomioka, Ryota},
year = {2016},
month = {06},
pages = {},
title = {f-GAN: Training Generative Neural Samplers using Variational Divergence Minimization}
}