@Inbook{LeCun2012,
author="LeCun, Yann A.
and Bottou, L{\'e}on
and Orr, Genevieve B.
and M{\"u}ller, Klaus-Robert",
editor="Montavon, Gr{\'e}goire
and Orr, Genevi{\`e}ve B.
and M{\"u}ller, Klaus-Robert",
title="Efficient BackProp",
bookTitle="Neural Networks: Tricks of the Trade: Second Edition",
year="2012",
publisher="Springer Berlin Heidelberg",
address="Berlin, Heidelberg",
pages="9--48",
abstract="The convergence of back-propagation learning is analyzed so as to explain common phenomenon observed by practitioners. Many undesirable behaviors of backprop can be avoided with tricks that are rarely exposed in serious technical publications. This paper gives some of those tricks, and offers explanations of why they work.",
isbn="978-3-642-35289-8",
doi="10.1007/978-3-642-35289-8_3",
url="https://doi.org/10.1007/978-3-642-35289-8_3"
}

