@article{article,
author = {P. Wellman, Michael and Henrion, Max},
year = {1993},
month = {04},
pages = {287-292},
title = {Explaining `explaining away'},
volume = {15},
booktitle = {Pattern Analysis and Machine Intelligence, IEEE Transactions on}
}