@unknown{unknown,
author = {P Kingma, Diederik and Welling, Max},
year = {2014},
month = {12},
pages = {},
title = {Auto-Encoding Variational Bayes}
}