@book{book,
author = {Snyman, J},
year = {2005},
month = {02},
pages = {},
title = {Practical Mathematical Optimization},
isbn = {0-387-24348-8, 257 pages}
}