@article{article,
author = {Goodfellow, Ian and Pouget-Abadie, Jean and Mirza, Mehdi and Xu, Bing and Warde-Farley, David and Ozair, Sherjil and Courville, Aaron and Bengio, Y},
year = {2014},
month = {06},
pages = {},
title = {Generative Adversarial Networks},
volume = {3},
booktitle = {Advances in Neural Information Processing Systems}
}