@article{article,
author = {Wu, Huaiqin},
year = {2009},
month = {09},
pages = {3432-3441},
title = {Global stability analysis of a general class of discontinuous neural networks with linear growth activation functions},
volume = {179},
booktitle = {Inf. Sci.}
}