@incollection{NIPS2016_6066,
title = {f-GAN: Training Generative Neural Samplers using Variational Divergence Minimization},
author = {Nowozin, Sebastian and Cseke, Botond and Tomioka, Ryota},
booktitle = {Advances in Neural Information Processing Systems 29},
editor = {D. D. Lee and M. Sugiyama and U. V. Luxburg and I. Guyon and R. Garnett},
pages = {271--279},
year = {2016},
publisher = {Curran Associates, Inc.},
url = {http://papers.nips.cc/paper/6066-f-gan-training-generative-neural-samplers-using-variational-divergence-minimization.pdf}
}
