@incollection{NIPS2017_7136,
title = {Hierarchical Implicit Models and Likelihood-Free Variational Inference},
author = {Tran, Dustin and Ranganath, Rajesh and Blei, David},
booktitle = {Advances in Neural Information Processing Systems 30},
editor = {I. Guyon and U. V. Luxburg and S. Bengio and H. Wallach and R. Fergus and S. Vishwanathan and R. Garnett},
pages = {5523--5533},
year = {2017},
publisher = {Curran Associates, Inc.},
url = {http://papers.nips.cc/paper/7136-hierarchical-implicit-models-and-likelihood-free-variational-inference.pdf}
}
