






@article{doi:10.1080/01621459.1960.10483369,
author = { Leo A.   Goodman },
title = {On the Exact Variance of Products},
journal = {Journal of the American Statistical Association},
volume = {55},
number = {292},
pages = {708-713},
year  = {1960},
publisher = {Taylor & Francis},
doi = {10.1080/01621459.1960.10483369},

URL = { 
        https://www.tandfonline.com/doi/abs/10.1080/01621459.1960.10483369
    
},
eprint = { 
        https://www.tandfonline.com/doi/pdf/10.1080/01621459.1960.10483369
    
}

}


